
@online{PCam,
  author = {Bas Veeling},
  title = {PCam},
  year = 2018,
  url = {https://github.com/basveeling/pcam},
  urldate = {2018-01-10}
}

@online{Kaggle-PCam,
  author = {Kaggle},
  title = {Histopathologic Cancer Detection},
  year = 2018,
  url = {https://www.kaggle.com/c/histopathologic-cancer-detection/data
},
  urldate = {2018-01-10}
}

@manual{irisUCI,
  address = {http://archive.ics.uci.edu/ml/datasets/Iris},
  author = {Fisher, Ronald A.},
  citeulike-article-id = {8631377},
  citeulike-linkout-0 = {http://archive.ics.uci.edu/ml/datasets/Iris},
  month = jan,
  posted-at = {2011-01-17 10:47:26},
  priority = {2},
  title = {{UCI Machine Learning Repository: Iris Data Set}},
  url = {http://archive.ics.uci.edu/ml/datasets/Iris},
  year = {2011}
}

@inproceedings{RosenbergH07,
  added-at = {2010-06-04T00:00:00.000+0200},
  author = {Rosenberg, Andrew and Hirschberg, Julia},
  biburl = {https://www.bibsonomy.org/bibtex/2b539a96d749031504cf7f732f748b6df/dblp},
  booktitle = {EMNLP-CoNLL},
  crossref = {conf/emnlp/2007},
  editor = {Eisner, Jason},
  ee = {http://www.aclweb.org/anthology/D07-1043},
  interhash = {07bb9cbf44b156e34d57c40b9d2fd314},
  intrahash = {b539a96d749031504cf7f732f748b6df},
  keywords = {dblp},
  pages = {410-420},
  publisher = {ACL},
  timestamp = {2015-06-19T21:08:37.000+0200},
  title = {V-Measure: A Conditional Entropy-Based External Cluster Evaluation Measure.},
  url = {http://dblp.uni-trier.de/db/conf/emnlp/emnlp2007.html#RosenbergH07},
  year = 2007
}

@book{Manning:2008:IIR:1394399,
 author = {Manning, Christopher D. and Raghavan, Prabhakar and Sch\"{u}tze, Hinrich},
 title = {Introduction to Information Retrieval},
 year = {2008},
 isbn = {0521865719, 9780521865715},
 publisher = {Cambridge University Press},
 address = {New York, NY, USA},
}

@Article{Thorndike1953,
  author="Thorndike, Robert L.",
  title="Who belongs in the family?",
  journal="Psychometrika",
  year="1953",
  month="Dec",
  day="01",
  volume="18",
  number="4",
  pages="267--276",
  issn="1860-0980",
  doi="10.1007/BF02289263",
  url="https://doi.org/10.1007/BF02289263"
}


@online{Stanford-Img,
  author = {Stanford},
  title = {Classification on Image Datasets},
  url = {http://cs231n.github.io/classification/},
  urldate = {2018-01-21}
}

@article{mease2008evidence,
  title={Evidence contrary to the statistical view of boosting},
  author={Mease, David and Wyner, Abraham},
  journal={Journal of Machine Learning Research},
  volume={9},
  number={Feb},
  pages={131--156},
  year={2008}
}

@online{Chollet-Comment,
  author = {Francis Chollet},
  title = {Github Comment on Batch-Norm positioning},
  url = {https://github.com/keras-team/keras/issues/1802#issuecomment-187966878},
  urldate = {2018-01-21}
}

@article{bergstra2012random,
  title={Random search for hyper-parameter optimization},
  author={Bergstra, James and Bengio, Yoshua},
  journal={Journal of Machine Learning Research},
  volume={13},
  number={Feb},
  pages={281--305},
  year={2012}
}

@book{hastie01statisticallearning,
  added-at = {2008-05-16T16:17:42.000+0200},
  address = {New York, NY, USA},
  author = {Hastie, Trevor and Tibshirani, Robert and Friedman, Jerome},
  biburl = {https://www.bibsonomy.org/bibtex/2f58afc5c9793fcc8ad8389824e57984c/sb3000},
  interhash = {d585aea274f2b9b228fc1629bc273644},
  intrahash = {f58afc5c9793fcc8ad8389824e57984c},
  keywords = {ml statistics},
  publisher = {Springer New York Inc.},
  series = {Springer Series in Statistics},
  timestamp = {2008-05-16T16:17:43.000+0200},
  title = {The Elements of Statistical Learning},
  year = 2001
}


@online{Stackoverflow-quote,
  author = {Anon},
  title = {How Many Adaboost Iterations},
  url = {https://stats.stackexchange.com/questions/163560/how-many-adaboost-iterations},
  urldate = {2018-01-31}
}

@online{Udacity-Adaboost,
  author = {Udacity},
  title = {Introduction to Boosting},
  url = {https://s3.amazonaws.com/video.udacity-data.com/topher/2017/June/593cdeca_intro-to-boosting/intro-to-boosting.pdf},
  urldate = {2018-01-29}
}

@article{doi:10.1093/gigascience/giy065,
author = {Litjens, Geert and Bandi, Peter and Ehteshami Bejnordi, Babak and Geessink, Oscar and Balkenhol, Maschenka and Bult, Peter and Halilovic, Altuna and Hermsen, Meyke and van de Loo, Rob and Vogels, Rob and Manson, Quirine F and Stathonikos, Nikolas and Baidoshvili, Alexi and van Diest, Paul and Wauters, Carla and van Dijk, Marcory and van der Laak, Jeroen},
title = {E-stained sentinel lymph node sections of breast cancer patients: the CAMELYON dataset},
journal = {GigaScience},
volume = {7},
number = {6},
pages = {giy065},
year = {2018},
doi = {10.1093/gigascience/giy065},
URL = {http://dx.doi.org/10.1093/gigascience/giy065},
eprint = {/oup/backfile/content_public/journal/gigascience/7/6/10.1093_gigascience_giy065/1/giy065.pdf}
}

@inproceedings{dal2015calibrating,
  title={Calibrating probability with undersampling for unbalanced classification},
  author={Dal Pozzolo, Andrea and Caelen, Olivier and Johnson, Reid A and Bontempi, Gianluca},
  booktitle={Computational Intelligence, 2015 IEEE Symposium Series on},
  pages={159--166},
  year={2015},
  organization={IEEE}
}

@article{Hyvarinen:2000:ICA:351654.351659,
 author = {Hyv\"{a}rinen, A. and Oja, E.},
 title = {Independent Component Analysis: Algorithms and Applications},
 journal = {Neural Netw.},
 issue_date = {May-June 2000},
 volume = {13},
 number = {4-5},
 month = may,
 year = {2000},
 issn = {0893-6080},
 pages = {411--430},
 numpages = {20},
 url = {http://dx.doi.org/10.1016/S0893-6080(00)00026-5},
 doi = {10.1016/S0893-6080(00)00026-5},
 acmid = {351659},
 publisher = {Elsevier Science Ltd.},
 address = {Oxford, UK, UK},
 keywords = {blind signal separation, factor analysis, independent component analysis, projection pursuit, representation, source separation},
} 